@book{Goodfellow-et-al-2016,
	title="Deep Learning",
	author="Ian Goodfellow and Yoshua Bengio and Aaron Courville",
	publisher="MIT Press",
	url="http://www.deeplearningbook.org",
	year="2016"
}

@article{scientific-collaboration,
	author = "M. E. J. Newman",
	title = "Coauthorship networks and patterns of scientific collaboration",
	journal = "Proceedings of the National Academy of Sciences of the United States of America",
	volume = "101",
	number = "1",
	pages = "5200--5205",
	year = "2004",
	url = "https://www.ncbi.nlm.nih.gov/pmc/articles/PMC387296/?tool=pmcentrez"
}

@article{Similar-Researcher-Search-in-Academic-Environments,
	author = "Sujatha Das Gollapalli, and Prasenjit Mitra and C. Lee Giles",
	title = "Similar Researcher Search in Academic Environments",
	journal = "Proceedings of the 12th ACM/IEEE-CS joint conference on Digital Libraries",
	year = "2012",
	url = "https://dl.acm.org/citation.cfm?id=2232849"
}

@article{Combining-social-network-and-semantic-concept-analysis-for-personalized-academic-researcher-recommendation,
	author = "Yunhong Xu and Xitong Guo and Jinxing Hao and Jian Ma and Raymond Y.K. Lau and Wei Xu",
	title = "Combining social network and semantic concept analysis for personalized academic researcher recommendation",
	journal = "Decision Support Systems",
	volume = "54",
	year = "2012",
	url = "https://ac.els-cdn.com/S0167923612001996/1-s2.0-S0167923612001996-main.pdf?_tid=db93b81b-2679-4bef-a258-955706be71f5&acdnat=1540251311_015d33d3a2473a6c4a0cc9a9a2353146"
}

@article{From-Word-Embeddings-to-Document-Distances,
	author = "Matt J. Kusner and Yu Sun and Nicholes I. Kolkin and Kilian Q. Weinberger",
	title = "From Word Embeddings to Document Distances",
	journal = "Proceedings of the 32\textsuperscript{nd} International Conference on Machine Learning",
	volume = "37",
	year = "2015",
	url = "http://proceedings.mlr.press/v37/kusnerb15.pdf"
}

@article{Academic-Capability-Mapping,
	author = "King Tao Ng",
	title = "Academic Capability Mapping",
	year = "2018",
	url = "https://github.sydney.edu.au/king7184/Academic_Capability_Mapping/blob/master/_documents/thesis/thesis.pdf"
}

@article{Hierarchical-Word-Mover-Distance-for-Collaboration-Recommender-System,
	author = "Chao Sun and King Tao Ng and Philip Henville and Roman Marchant.",
	title = "Hierarchical Word Mover Distance for Collaboration Recommender System",
	journal = "The 16\textsuperscript{th} Australasian Data Mining Conference",
	year = "2018",
}